@inproceedings{Stilson1996,
 	title = {Alias-free digital synthesis of classic analog waveforms},
  	author = {Stilson, Tim and Smith, Julius},
 	booktitle = {Proc. International Computer Music Conference},
  	year = {1996},
  	pages = {332–335},
  	address = {Hongkong}
	}	

@inproceedings{Brandt2001,
	author = {Brandt, Eli},
   	title = {Hard Sync Without Aliasing},	
   	Booktitle = {International Computer Music Conference},
	year = {2001},
	pages ={365–368},
	address = {Havana, Kuuba}
	}

@article{Valimaki2005,
  	title={Discrete-time synthesis of the sawtooth waveform with reduced aliasing},
  	author={Välimäki, Vesa},
  	journal={IEEE Signal Processing Letters},
  	volume={12},
  	number={3},
  	pages={214--217},
  	year={2005},
  	publisher={IEEE}
	}
	
@article{Valimaki2006, 
	author={Vesa Välimäki and Antti Huovilainen}, 
	journal={Computer Music Journal}, 
	title={Oscillator and Filter Algorithms for Virtual Analog Synthesis}, 
	year={2006}, 
	volume={30}, 
	number={2}, 
	pages={19-31}, 
	}		
		
@article{Valimaki2007, 
	author={Vesa Välimäki and Antti Huovilainen}, 
	journal={IEEE Signal Processing Magazine}, 
	title={Antialiasing Oscillators in Subtractive Synthesis}, 
	year={2007}, 
	volume={24}, 
	number={2}, 
	pages={116-125}
	}	
	
@article{Valimaki2010, 
	author={Välimäki, V. and Nam, J. and Smith, J.O. and Abel, J.S.}, 
	journal={IEEE Transactions on Audio, Speech, and Language Processing}, 
	title={Alias-Suppressed Oscillators Based on Differentiated Polynomial Waveforms}, 
	year={2010}, 
	volume={18}, 
	number={4}, 
	pages={786-798}
	}	

@article{Valimaki2012,
  	title={Perceptually informed synthesis of bandlimited classical waveforms using integrated polynomial interpolation},
  	author={Vesa Välimäki and Jussi Pekonen and Juhan Nam},
  	journal={Journal of the Acoustical Society of America},
  	volume={131},
  	number={1},
  	pages={974--986},
  	year={2012},
  	publisher={Acoustical Society of America}
	}	
	
@mastersthesis{Huovilainen2010,
	Address = {Signaalinkäsittelyn ja akustiikan laitos, Espoo},
	Author = {Huovilainen, Antti},
	School = {Aalto-yliopisto},
	Title = {Design of a Scalable Polyphony-MIDI Synthesizer for a Low Cost DSP},
	Year = {2010}
	}	
	
@phdthesis{Pekonen2014,
	Address = {Signaalinkäsittelyn ja akustiikan laitos, Espoo},
	Author = {Pekonen, Jussi},
	School = {Aalto-yliopisto},
	Title = {Filter-Based Oscillator Algorithms for Virtual Analog Synthesis},
	Year = {2014}
	}


@inproceedings{Bank2013,
    	author    = "Ambrits, Daniel and Bank, Balazs",
    	title     = "Improved Polynomial Transition Regions Algorithm For Alias-Suppressed Signal Synthesis",
    	booktitle = "Proceedings of the Sound and Music Computing Conference",
    	pages    = "561-568",
    	year      = "2013",
    	address = {Tukholma, Ruotsi}
	}	
	
@phdthesis{Kleimola2013,
	Address = {Signaalinkäsittelyn ja akustiikan laitos, Espoo},
	Author = {Kleimola, Jari},
	School = {Aalto-yliopisto},
	Title = {Nonlinear Abstract Sound Synthesis Algorithms},
	Year = {2013}
	}	

@article{Kleimola2012, 
	author={Jari Kleimola and Vesa Välimäki}, 
	journal={IEEE Signal Processing Letters}, 
	title={Reducing Aliasing from Synthetic Audio Signals Using Polynomial Transition Regions}, 
	year={2012}, 
	volume={19}, 
	number={2}, 
	pages={67-70} 
	}	
	
@inproceedings{Historia,
	Address = {Tampere},
	Author = {Jussi Pekonen and Vesa Välimäki},
	Booktitle = {Akustiikkapäivät 2011},
	Pages = {45--50},
	Title = {Virtuaalianalogiasynteesin lyhyt historia},
	Year = {2011},
	organization={Akustinen Seura ry}
	}	

@article{Nostalgia,
	author = "Vesa Välimäki and Antti Huovilainen",
   	title = "Virtuaalista nostalgiaa - digitaalinen vähentävä äänisynteesi",
   	journal = "Musiikki",
   	year = "2005",
   	volume = "35",
   	number = "1-2", 
   	pages = "78-98",
   	note = {Suomen musiikkitieteellinen seura}
	}	
		
@inproceedings{Lehtonen2012,
  	title={Laskostumisen havaitseminen saha-aallossa},
  	author={Lehtonen, {Heidi-Maria} and Pekonen, Jussi and Välimäki, Vesa},
  	booktitle={Akustiikkapäivät 2013},
  	address = {Turku},
  	year={2013},
  	organization={Akustinen Seura ry}
	}	
	
@inproceedings{Lowenfels2003,
  	title={Virtual analog synthesis with a time-varying comb filter},
  	author={Lowenfels, David},
  	booktitle={Audio Engineering Society Convention 115},
  	year={2003},
  	address = {New York, NY},
  	organization={Audio Engineering Society}
	}
	
@book{Sound,
  	title={The Science of Sound},
  	author={Rossing, Thomas D. and Moore, F. Richard and Wheeler, Paul A.},
  	edition={3.},
  	year={2001},
  	publisher={Addison-Wesley}
	}			

@inproceedings{Moog,
 	title={Nonlinear digital implementation of the Moog ladder filter},
 	author={Huovilainen, Antti},
  	booktitle={Int. Conf. on Digital Audio Effects (DAFx-04)},
  	address = {Napoli, Italia},
  	pages={61--64},
  	year={2004}
	}

@inproceedings{Moog2,
 	title={An improved virtual analog model of the Moog ladder filter},
  	author={D'Angelo, Stefano and Välimäki, Vesa},
  	booktitle={IEEE International Conference on Acoustics, Speech and Signal Processing (ICASSP)},
  	address = {Vancouver, Kanada},
  	pages={729--733},
  	year={2013},
	}	

@article{Pekonen2011,
  	title={Discrete-time modelling of the Moog sawtooth oscillator waveform},
  	author={Pekonen, Jussi and Lazzarini, Victor and Timoney, Joseph and Kleimola, Jari and Välimäki, Vesa},
 	journal={EURASIP Journal on Advances in Signal Processing},
  	volume={2011},
  	pages={3},
  	year={2011},
  	publisher={Hindawi Publishing Corp.}
	}

@phdthesis{Stefano,
  	title={Virtual Analog Modeling of Nonlinear Musical Circuits},
  	author={D'Angelo, Stefano},
  	year={2014},
  	Address = {Signaalinkäsittelyn ja akustiikan laitos, Espoo},
  	School = {Aalto-yliopisto},
  	}	

@article{Nam2010,
  	title={Efficient antialiasing oscillator algorithms using low-order fractional delay filters},
  	author={Nam, Juhan and Välimäki, Vesa and Abel, Jonathan S. and Smith, Julius O.},
  	journal={IEEE Transactions on Audio, Speech, and Language Processing},
  	volume={18},
  	number={4},
  	pages={773--785},
  	year={2010},
  	publisher={IEEE}
	}
	
@conference{Timoney2009,
	title = {Phase and Amplitude Distortion Methods for Digital Synthesis of Classic Analog Waveforms},
	author = {Timoney, Joseph and Lazzarini, Victor and Carty, Brian and Pekonen, Jussi},
	booktitle = {Audio Engineering Society Convention 126},
	address = {München, Saksa},
	year = {2009},
	}
	
@misc{Sanasto,
 	author = {Välimäki, Vesa},
 	title = {Audiosignaalinkäsittelyn sanasto},
 	lastchecked = {1.12.2014},
 	year = {12.2.2010},
 	note = {Viitattu 1.12.2014, saatavilla: \url{http://users.spa.aalto.fi/vpv/ask-sanasto.htm}}
	}

@misc{Koodi,
	author = {Jari Kleimola and Vesa Välimäki},
	title = {Polynomial Transition Regions},
	lastchecked = {14.12.2014},
	year = {9.11.2011},
	note = {Viitattu 14.12.14, saatavilla: \url{http://research.spa.aalto.fi/publications/papers/spl-ptr}}	
	}							